<?xml version="1.0" encoding="UTF-8"?><record xmlns="http://www.loc.gov/MARC21/slim" xmlns:cinclude="http://apache.org/cocoon/include/1.0" xmlns:zs="http://www.loc.gov/zing/srw/">
  <leader>00840cz  a2200145n  4500</leader>
  <controlfield tag="001">n  83124302 </controlfield>
  <controlfield tag="003">DLC</controlfield>
  <controlfield tag="005">20081212080627.0</controlfield>
  <controlfield tag="008">830826n| acannaabn          |a ana      </controlfield>
  <datafield tag="010" ind1=" " ind2=" ">
    <subfield code="a">n  83124302 </subfield>
  </datafield>
  <datafield tag="035" ind1=" " ind2=" ">
    <subfield code="a">(OCoLC)oca00959254</subfield>
  </datafield>
  <datafield tag="040" ind1=" " ind2=" ">
    <subfield code="a">DLC</subfield>
    <subfield code="b">eng</subfield>
    <subfield code="c">DLC</subfield>
    <subfield code="d">OCoLC</subfield>
  </datafield>
  <datafield tag="110" ind1="2" ind2=" ">
    <subfield code="a">Empresa Metropolitana de Planejamento da Grande São Paulo.</subfield>
    <subfield code="b">Unidade de Ação Comunitária e Pesquisa Social</subfield>
  </datafield>
  <datafield tag="410" ind1="2" ind2=" ">
    <subfield code="a">Empresa Metropolitana de Planejamento da Grande São Paulo.</subfield>
    <subfield code="b">Superintendência de Divulgação.</subfield>
    <subfield code="b">Unidade de Ação Comunitária e Pesquisa Social</subfield>
  </datafield>
  <datafield tag="670" ind1=" " ind2=" ">
    <subfield code="a">Contribuição à história dos movimentos sociais na Grande São Paulo (1968-1975), 1982 (a.e.)</subfield>
    <subfield code="b">t.p. verso (Emplasa; Superintendência de Divulgação; Unidade de Ação Comunitária e Pesquisa Social) cover (Unidade de Ação Comunitária &amp; Pesquisa Social)</subfield>
  </datafield>
</record>